<collection xmlns="http://www.loc.gov/MARC21/slim">
   <record>
      <leader>02173cjm a2200433Ia 4500</leader>
      <controlfield tag="001">6861418</controlfield>
      <controlfield tag="003">OCoLC</controlfield>
      <controlfield tag="005">20150304031822.0</controlfield>
      <controlfield tag="007">sd fu|gnn|m|eu</controlfield>
      <controlfield tag="008">150123s2015    nyujznn  ei       n zxx d</controlfield>
      <datafield ind1="1" ind2="0" tag="024">
         <subfield code="a">888295177313</subfield>
      </datafield>
      <datafield ind1="0" ind2="2" tag="028">
         <subfield code="a">SSR-1501</subfield>
         <subfield code="b">Smoke Sessions</subfield>
      </datafield>
      <datafield ind1="0" ind2="0" tag="028">
         <subfield code="a">SJM1501</subfield>
         <subfield code="b">Smoke Sessions</subfield>
      </datafield>
      <datafield ind1=" " ind2=" " tag="035">
         <subfield code="a">ocn900884909</subfield>
      </datafield>
      <datafield ind1=" " ind2=" " tag="040">
         <subfield code="a">TDF</subfield>
         <subfield code="b">eng</subfield>
         <subfield code="c">TDF</subfield>
         <subfield code="d">TEF</subfield>
         <subfield code="d">LTSCA</subfield>
         <subfield code="d">AEU</subfield>
      </datafield>
      <datafield ind1=" " ind2=" " tag="049">
         <subfield code="a">MAIN</subfield>
      </datafield>
      <datafield ind1=" " ind2="4" tag="050">
         <subfield code="a">M1366.H3975</subfield>
         <subfield code="b">C65 2015</subfield>
      </datafield>
      <datafield ind1="0" ind2="4" tag="082">
         <subfield code="a">785.065</subfield>
         <subfield code="2">23</subfield>
      </datafield>
      <datafield ind1=" " ind2=" " tag="090">
         <subfield code="a">M1366 .H3975 C65 2015</subfield>
         <subfield code="b">AEGMCT</subfield>
      </datafield>
      <datafield ind1="1" ind2=" " tag="100">
         <subfield code="a">Henderson, Eddie.</subfield>
         <subfield code="0">http://id.loc.gov/authorities/names/nr92006374</subfield>
         <subfield code="0">http://viaf.org/viaf/76504314</subfield>
      </datafield>
      <datafield ind1="1" ind2="0" tag="245">
         <subfield code="a">Collective portrait</subfield>
         <subfield code="h">[sound recording] /</subfield>
         <subfield code="c">Eddie Henderson.</subfield>
      </datafield>
      <datafield ind1=" " ind2=" " tag="260">
         <subfield code="a">New York, N.Y. :</subfield>
         <subfield code="b">Smoke Sessions,</subfield>
         <subfield code="c">p2015.</subfield>
      </datafield>
      <datafield ind1=" " ind2=" " tag="300">
         <subfield code="a">1 sound disc :</subfield>
         <subfield code="b">digital ;</subfield>
         <subfield code="c">4 3/4 in.</subfield>
      </datafield>
      <datafield ind1=" " ind2=" " tag="500">
         <subfield code="a">Jazz.</subfield>
      </datafield>
      <datafield ind1=" " ind2=" " tag="500">
         <subfield code="a">Compact disc.</subfield>
      </datafield>
      <datafield ind1=" " ind2=" " tag="500">
         <subfield code="a">Program notes on container.</subfield>
      </datafield>
      <datafield ind1="0" ind2=" " tag="505">
         <subfield code="a">Sunburst -- Dreams -- Morning song -- You know I care -- Beyond forever -- First light -- Together -- Ginger bread boy -- Spring -- Zoltan.</subfield>
      </datafield>
      <datafield ind1="0" ind2=" " tag="511">
         <subfield code="a">Eddie Henderson, trumpet, flugelhorn ; Gary Bartz, alto saxophone ; George Cables, piano, Fender Rhodes ; Doug Weiss, bass ; Carl Allen, drums.</subfield>
      </datafield>
      <datafield ind1=" " ind2=" " tag="518">
         <subfield code="a">Recorded May 12, 2014 at Sear Sound, Studio A, New York City.</subfield>
      </datafield>
      <datafield ind1=" " ind2=" " tag="596">
         <subfield code="a">56</subfield>
      </datafield>
      <datafield ind1=" " ind2="0" tag="650">
         <subfield code="a">Jazz</subfield>
         <subfield code="y">2011-2020.</subfield>
         <subfield code="0">http://id.loc.gov/authorities/subjects/sh2011001717</subfield>
      </datafield>
      <datafield ind1="1" ind2=" " tag="700">
         <subfield code="a">Bartz, Gary.</subfield>
         <subfield code="0">http://id.loc.gov/authorities/names/nr92020430</subfield>
         <subfield code="0">http://viaf.org/viaf/119739144</subfield>
      </datafield>
      <datafield ind1="1" ind2=" " tag="700">
         <subfield code="a">Cables, George.</subfield>
         <subfield code="0">http://id.loc.gov/authorities/names/n80093137</subfield>
         <subfield code="0">http://viaf.org/viaf/32182693</subfield>
      </datafield>
      <datafield ind1="1" ind2=" " tag="700">
         <subfield code="a">Weiss, Doug.</subfield>
         <subfield code="0">http://id.loc.gov/authorities/names/no2001002512</subfield>
         <subfield code="0">http://viaf.org/viaf/56802546</subfield>
      </datafield>
      <datafield ind1="1" ind2=" " tag="700">
         <subfield code="a">Allen, Carl</subfield>
         <subfield code="c">(Drummer)</subfield>
         <subfield code="0">http://id.loc.gov/authorities/names/n93006724</subfield>
         <subfield code="0">http://viaf.org/viaf/11511626</subfield>
      </datafield>
      <datafield ind1=" " ind2=" " tag="758">
         <subfield code="0">http://worldcat.org/entity/work/id/469625</subfield>
      </datafield>
      <datafield ind1="0" ind2=" " tag="787">
         <subfield code="n">OCLC Work Id</subfield>
         <subfield code="o">http://worldcat.org/entity/work/id/469625</subfield>
      </datafield>
      <datafield ind1=" " ind2=" " tag="949">
         <subfield code="a">M1366 .H3975 C65 2015</subfield>
         <subfield code="c">1</subfield>
         <subfield code="p">17.98</subfield>
         <subfield code="h">GMCA-MC-CD</subfield>
         <subfield code="k">AVAIL_SOON</subfield>
         <subfield code="i">1007113028</subfield>
      </datafield>
      <datafield ind1=" " ind2=" " tag="926">
         <subfield code="a">M1366 .H3975 C65 2015</subfield>
         <subfield code="w">LC</subfield>
         <subfield code="c">1</subfield>
         <subfield code="i">1007113028</subfield>
         <subfield code="d">3/17/2015</subfield>
         <subfield code="l">MUSIC_CD</subfield>
         <subfield code="m">GR_MAC_CAC</subfield>
         <subfield code="p">$17.98</subfield>
         <subfield code="r">Y</subfield>
         <subfield code="s">Y</subfield>
         <subfield code="t">MUSICSOUND</subfield>
         <subfield code="u">3/11/2015</subfield>
      </datafield>
   </record>
</collection>
